<record><leader>00000cas a22000007a 4500</leader><controlfield tag="001">16959359</controlfield><controlfield tag="008">871110d19061987ohudn ne      0    0eng d</controlfield><datafield ind1=" " ind2=" " tag="010"><subfield code="a">sn 87076832 </subfield></datafield><datafield ind1=" " ind2=" " tag="040"><subfield code="a">ONP</subfield><subfield code="b">eng</subfield><subfield code="c">ONP</subfield><subfield code="d">OCLCQ</subfield></datafield><datafield ind1=" " ind2=" " tag="042"><subfield code="a">msc</subfield></datafield><datafield ind1="0" ind2="4" tag="245"><subfield code="a">The Daily sentinel-tribune.</subfield></datafield><datafield ind1=" " ind2=" " tag="260"><subfield code="a">Bowling Green, Ohio :</subfield><subfield code="b">Sentinel Co.,</subfield><subfield code="c">1906-1987.</subfield></datafield><datafield ind1=" " ind2=" " tag="310"><subfield code="a">Daily (except Sun.)</subfield></datafield><datafield ind1="0" ind2=" " tag="362"><subfield code="a">Vol. 17, no. 18 (Dec. 10, 1906)-(Jan. 26, 1987).</subfield></datafield><datafield ind1=" " ind2=" " tag="752"><subfield code="a">United States</subfield><subfield code="b">Ohio</subfield><subfield code="c">Wood</subfield><subfield code="d">Bowling Green.</subfield></datafield><datafield ind1="0" ind2="0" tag="780"><subfield code="t">Daily sentinel (Bowling Green, Ohio)</subfield><subfield code="w">(DLC)sn 89075029</subfield></datafield><datafield ind1="0" ind2="0" tag="785"><subfield code="t">Sentinel tribune (Bowling Green, Ohio)</subfield><subfield code="w">(DLC)sn 89075249</subfield></datafield></record>